<?xml version="1.0" encoding="UTF-8"?><collection xmlns="http://www.loc.gov/MARC21/slim"><record><leader>00374nam--2200145-i-4500</leader><controlfield tag="001">000010108</controlfield><controlfield tag="002">20161230</controlfield><controlfield tag="005">20170219000915</controlfield><controlfield tag="008">060222s1000------------r-----000-0-eng-d</controlfield><datafield ind1=" " ind2=" " tag="245"><subfield code="a">Perspectives in structural chemistry</subfield></datafield><datafield ind1=" " ind2=" " tag="260"><subfield code="a">New York</subfield><subfield code="b">John Wiley &amp; Sons</subfield><subfield code="c">1967, 1970</subfield></datafield><datafield ind1=" " ind2=" " tag="300"><subfield code="a">IX+178 p</subfield></datafield><datafield ind1=" " ind2=" " tag="700"><subfield code="a">Ibers, James A</subfield></datafield><datafield ind1=" " ind2=" " tag="852"><subfield code="a">541.6</subfield></datafield><datafield ind1=" " ind2=" " tag="CAT"><subfield code="a">SYS</subfield><subfield code="c">20170219</subfield><subfield code="h">000915</subfield></datafield></record></collection>